@misc{4509719, 
author={Luke Hovo},
howpublished = "\url{https://github.com/RFDesign/SiK/releases}",
year = {2014},}

@INPROCEEDINGS{4215626, 
author={A. Sheth and S. Nedevschi and R. Patra and S. Surana and E. Brewer and L. Subramanian}, 
booktitle={IEEE INFOCOM 2007 - 26th IEEE International Conference on Computer Communications}, 
title={Packet Loss Characterization in WiFi-Based Long Distance Networks}, 
year={2007}, 
volume={}, 
number={}, 
pages={312-320}, 
keywords={access protocols;multipath channels;radio links;wireless LAN;wireless channels;802.11 MAC protocol;CSMA;TDMA;WiFi-based long distance network;WiLD link;multihop wireless network;multipath interference;packet loss characterization;wireless channel emulator;Electric breakdown;Interference;Media Access Protocol;Multiaccess communication;Performance evaluation;Space exploration;Spread spectrum communication;Time division multiple access;Wireless application protocol;Wireless networks}, 
doi={10.1109/INFCOM.2007.44}, 
ISSN={0743-166X}, 
month={May},}

@INPROCEEDINGS{7317401, 
author={D. Murray and T. Koziniec and M. Dixon and K. Lee}, 
booktitle={2015 Internet Technologies and Applications (ITA)}, 
title={Measuring the reliability of 802.11 WiFi networks}, 
year={2015}, 
volume={}, 
number={}, 
pages={233-238}, 
keywords={modulation coding;wireless LAN;802.11 WiFi networks;modulation and coding schemes;pragmatic approach;rate control algorithms;Atmospheric modeling;Automatic repeat request;Ethics;IEEE 802.11 Standard;Measurement uncertainty;OFDM;Propagation losses;802.11;Measurement;Packet loss;Reliability;WiFi}, 
doi={10.1109/ITechA.2015.7317401}, 
ISSN={}, 
month={Sept},}